@InProceedings{10.1007/978-3-642-30045-5_8,
author="Blenn, Norbert
and Charalampidou, Kassandra
and Doerr, Christian",
editor="Bestak, Robert
and Kencl, Lukas
and Li, Li Erran
and Widmer, Joerg
and Yin, Hao",
title="Context-Sensitive Sentiment Classification of Short Colloquial Text",
booktitle="NETWORKING 2012",
year="2012",
publisher="Springer Berlin Heidelberg",
address="Berlin, Heidelberg",
pages="97--108",
abstract="The wide-spread popularity of online social networks and the resulting availability of data to researchers has enabled the investigation of new research questions, such as the analysis of information diffusion and how individuals are influencing opinion formation in groups. Many of these new questions however require an automatic assessment of the sentiment of user statements, a challenging task further aggravated by the unique communication style used in online social networks.",
isbn="978-3-642-30045-5"
}

