@article{rf1,
  title={Empathy.},
  author={Elliott, Robert and Bohart, Arthur C and Watson, Jeanne C and Greenberg, Leslie S},
  journal={Psychotherapy},
  volume={48},
  pages={1--2},
  year="2011",
  publisher={Educational Publishing Foundation}
}

@inproceedings{rf2,
  title={The communication of emotions and the possibility of empathy in animals.},
  author={Preston, Stephanie D and de Waal, Frans},
  booktitle={Altruism and Altruistic Love: Science, Philosophy, and Religion in Dialogue},
  year="2002",
  publisher={Oxford University Press},
  doi={10.1093/acprof:oso/9780195143584.003.0025}
}

@article{rf3,
  title={Sentiment analysis: A perspective on its past, present and future},
  author={Kumar, Akshi and Teeja, Mary Sebastian},
  journal={International Journal of Intelligent Systems and Applications},
  volume="4",
  pages={2--4},
  year="2012",
  publisher={Citeseer}
}

@article{rf4,
  title={Main concepts, state of the art and future research questions in sentiment analysis},
  author={Appel, Orestes and Chiclana, Francisco and Carter, Jenny},
  journal={Acta Polytechnica Hungarica},
  volume="12",
  pages={89--91},
  year="2015",
  publisher={Obuda University}
}

@article{rf5,
  title={Thumbs up? Sentiment classification using machine learning techniques},
  author={Pang, Bo and Lee, Lillian and Vaithyanathan, Shivakumar},
  journal={arXiv preprint cs/0205070},
  year="2002"
}

@article{rf6,
  title={Towards an Artificially Empathic Conversational Agent for Mental Health Applications: System Design and User Perceptions},
  author={Morris, Robert R
and Kouddous, Kareem
and Kshirsagar, Rohan
and Schueller, Stephen M},
  journal={J Med Internet Res},
  year="2018",
  month="Jun",
  day="26",
  volume="20",
  issn={1438-8871},
  doi={10.2196/10148},
}

@article{rf7,
  author = {Fabio Calefato and Filippo Lanubile and Nicole Novielli},
  title = {Experimental datasets for sentiment analysis and emotion mining - Emotion Mining Toolkit (EMTk)},
  month = "Feb",
  year = "2019",
  publisher = {Zenodo},
  doi = {10.5281/zenodo.2575509},
}

@incollection{rf8,
  title={Machine learning},
  author={Zhang, Xian-Da},
  booktitle={A Matrix Algebra Approach to Artificial Intelligence},
  pages={223--440},
  year="2020",
  publisher={Springer}
}

@article{rf9,
  title={Introduction to Machine Learning},
  author={Ayodele, Taiwo Oladipupo},
  journal={New Advances in Machine Learning},
  year="2010",
  month="Feb",
  day="1",
  doi = {10.5772/9394},
  publisher = {University of Portsmouth},
}

@InProceedings{rf10,
  author="Blenn, Norbert
and Charalampidou, Kassandra
and Doerr, Christian",
editor="Bestak, Robert
and Kencl, Lukas
and Li, Li Erran
and Widmer, Joerg
and Yin, Hao",
  title={Context-Sensitive Sentiment Classification of Short Colloquial Text},
  booktitle={NETWORKING 2012},
  year="2012",
  publisher={Springer Berlin Heidelberg},
  address={Berlin, Heidelberg},
  pages={97--108},
  isbn={978-3-642-30045-5}
}

@article{rf11,
  title={Detection and classification of social media-based extremist affiliations using sentiment analysis techniques},
  author={Ahmad, Shakeel and Asghar, Muhammad Zubair and Alotaibi, Fahad M and Awan, Irfanullah},
  journal={Human-centric Computing and Information Sciences},
  volume="9",
  pages={1--23},
  year="2019",
  publisher={Springer}
}

@article{rf12,
  title = {Research on air quality forecast based on web text sentiment analysis},
  author = {Bingkun Wang and Ning Wang and Zhongsheng Chen},
  journal = {Ecological Informatics},
  volume = "64",
  year = "2021",
  issn = {1574-9541},
  doi = {10.1016/j.ecoinf.2021.101354},
}

@article{rf13,
  title={Sentiment analysis for customer relationship management: An incremental learning approach},
  author={Capuano, Nicola and Greco, Luca and Ritrovato, Pierluigi and Vento, Mario},
  journal={Applied Intelligence},
  volume="51",
  pages={3339--3352},
  year="2021",
  publisher={Springer}
}

@article{rf14,
  title={Chatbot Interaction with Artificial Intelligence: human data augmentation with T5 and language transformer ensemble for text classification},
  author={Bird, Jordan J and Ek{\'a}rt, Anik{\'o} and Faria, Diego R},
  journal={Journal of Ambient Intelligence and Humanized Computing},
  pages={1--16},
  year="2021",
  publisher={Springer}
}

@article{rf15,
  title={Emotionally informed hate speech detection: a multi-target perspective},
  author={Chiril, Patricia and Pamungkas, Endang Wahyu and Benamara, Farah and Moriceau, V{\'e}ronique and Patti, Viviana},
  journal={Cognitive Computation},
  pages={1--31},
  year="2021",
  publisher={Springer}
}

@inproceedings{rf16,
  title={Identifying Political Sentiments on YouTube: A Systematic Comparison Regarding the Accuracy of Recurrent Neural Network and Machine Learning Models},
  author={R{\"o}chert, Daniel and Neubaum, German and Stieglitz, Stefan},
  booktitle={Multidisciplinary International Symposium on Disinformation in Open Online Media},
  pages={107--121},
  year="2020",
  publisher={Springer}
}

@inproceedings{rf17,
  title={Using maximum entropy for text classification},
  author={Nigam, Kamal and Lafferty, John and McCallum, Andrew},
  booktitle={IJCAI-99 workshop on machine learning for information filtering},
  volume="1",
  pages={61--67},
  year="1999",
  organization={Stockholom, Sweden}
}

@book{rf18,
  title={Machine learning with SVM and other kernel methods},
  author={Soman, KP and Loganathan, R and Ajay, V},
  year="2009",
  publisher={PHI Learning Pvt. Ltd.}
}

@article{rf19,
  title={Bayes’ theorem and naive Bayes classifier},
  author={Berrar, Daniel},
  journal={Encyclopedia of Bioinformatics and Computational Biology: ABC of Bioinformatics; Elsevier Science Publisher: Amsterdam, The Netherlands},
  pages={403--412},
  year="2018"
}

@misc{rf20, 
  title={Sentiment Analysis: Emotion in Text}, 
  url={https://data.world/crowdflower/sentiment-analysis-in-text}, 
  author={CrowdFlower}, 
  year="2016", 
  month={Jul}
}
  
@inproceedings{rf21,
  title={Evaluation of recurrent neural networks for crop recognition from multitemporal remote sensing images},
  author={Bermúdez, José David and Achanccaray, Pedro and Sanches, Ieda Del'Arco},
  booktitle={Anais do XXVII Congresso Brasileiro de Cartografia},
  pages={800--804},
  year={2017}
}

@article{rf22,
  title={Dropout: a simple way to prevent neural networks from overfitting},
  author={Srivastava, Nitish and Hinton, Geoffrey and Krizhevsky, Alex and Sutskever, Ilya and Salakhutdinov, Ruslan},
  journal={The journal of machine learning research},
  volume="15",
  pages={1929--1958},
  year="2014",
  publisher={JMLR.org}
}

@article{rf23,
  title={Stemming and lemmatization: a comparison of retrieval performances},
  journal={SCEI Seoul Conferences},
  author={Balakrishnan, Vimala and Lloyd-Yemoh, Ethel},
  year={2014},
  url={http://eprints.um.edu.my/id/eprint/13423}
}

@misc{d1,
	author= {Gupta, Pashupati},
	year = "2021",
	title = "Emotion Detection from Text",
	url = {https://www.kaggle.com/pashupatigupta/emotion-detection-from-text}
}

@inproceedings{d2,
    author = {Mohammad, Saif M.},
    title = {Word Affect Intensities},
    booktitle = {Proceedings of the 11th Edition of the Language Resources and Evaluation Conference (LREC-2018)},
    year = "2018",
    address={Miyazaki, Japan}
}

@misc{d3,
    author = {Govi, Praveen},
    title = {Emotions dataset for NLP},
    url = {https://www.kaggle.com/praveengovi/emotions-dataset-for-nlp},
    year = "2020",
    month = "Apr",
    day = "16"
}

@misc{d4, 
	author={Calefato, Fabio and Lanubile, Filippo and Novielli, Nicole and Quaranta, Luigi},
	title="EMTk - The Emotion Mining Toolkit", 
	journal={2019 IEEE/ACM 4th International Workshop on Emotion Awareness in Software Engineering (SEmotion)}, 
	year="2019",
	DOI={10.1109/semotion.2019.00014}
}

@article{img1,
  title={BrainPainter: A software for the visualisation of brain structures, biomarkers and associated pathological processes},
  author={Marinescu, Razvan and Eshaghi, Arman and Alexander, Daniel and Golland, Polina},
  journal={arXiv preprint arXiv:1905.08627},
  year={2019}
}