@article{rf1,
  title={Empathy.},
  author={Elliott, Robert and Bohart, Arthur C and Watson, Jeanne C and Greenberg, Leslie S},
  journal={Psychotherapy},
  volume={48},
  pages={1--2},
  year={2011},
  publisher={Educational Publishing Foundation}
}

@article{rf2,
  title={The communication of emotions and the possibility of empathy in animals.},
  author={Preston, Stephanie D and de Waal, Frans},
  pages={2--3},
  year={2002},
  publisher={Oxford University Press}
}

@article{rf3,
  title={Sentiment analysis: A perspective on its past, present and future},
  author={Kumar, Akshi and Teeja, Mary Sebastian},
  journal={International Journal of Intelligent Systems and Applications},
  volume={4},
  number={10},
  pages={2--4},
  year={2012},
  publisher={Citeseer}
}

@article{rf4,
  title={Main concepts, state of the art and future research questions in sentiment analysis},
  author={Appel, Orestes and Chiclana, Francisco and Carter, Jenny},
  journal={Acta Polytechnica Hungarica},
  volume={12},
  number={3},
  pages={89--91},
  year={2015},
  publisher={Obuda University}
}

@article{rf5,
  title={Thumbs up? Sentiment classification using machine learning techniques},
  author={Pang, Bo and Lee, Lillian and Vaithyanathan, Shivakumar},
  journal={arXiv preprint cs/0205070},
  year={2002}
}

@Article{rf6,
author="Morris, Robert R
and Kouddous, Kareem
and Kshirsagar, Rohan
and Schueller, Stephen M",
title="Towards an Artificially Empathic Conversational Agent for Mental Health Applications: System Design and User Perceptions",
journal="J Med Internet Res",
year="2018",
month="Jun",
day="26",
volume="20",
number="6",
pages="e10148",
issn="1438-8871",
doi="10.2196/10148",
url="http://www.jmir.org/2018/6/e10148/",
url="https://doi.org/10.2196/10148",
url="http://www.ncbi.nlm.nih.gov/pubmed/29945856"
}

@Article{rf7,
  author = {Fabio Calefato and Filippo Lanubile and Nicole Novielli},
  title        = {{Experimental datasets for sentiment analysis and 
                   emotion mining - Emotion Mining Toolkit (EMTk)}},
  month        = feb,
  year         = 2019,
  publisher    = {Zenodo},
  version      = {v1.0},
  doi          = {10.5281/zenodo.2575509},
  url          = {https://doi.org/10.5281/zenodo.2575509}
}

@incollection{rf8,
  title={Machine learning},
  author={Zhang, Xian-Da},
  booktitle={A Matrix Algebra Approach to Artificial Intelligence},
  pages={223--440},
  year={2020},
  publisher={Springer}
}

@Article{rf9,
  title={Introduction to Machine Learning},
  author={Ayodele, Taiwo Oladipupo},
  year={2010}
}

@InProceedings{rf10,
author="Blenn, Norbert
and Charalampidou, Kassandra
and Doerr, Christian",
editor="Bestak, Robert
and Kencl, Lukas
and Li, Li Erran
and Widmer, Joerg
and Yin, Hao",
title="Context-Sensitive Sentiment Classification of Short Colloquial Text",
booktitle="NETWORKING 2012",
year="2012",
publisher="Springer Berlin Heidelberg",
address="Berlin, Heidelberg",
pages="97--108",
abstract="The wide-spread popularity of online social networks and the resulting availability of data to researchers has enabled the investigation of new research questions, such as the analysis of information diffusion and how individuals are influencing opinion formation in groups. Many of these new questions however require an automatic assessment of the sentiment of user statements, a challenging task further aggravated by the unique communication style used in online social networks.",
isbn="978-3-642-30045-5"
}

@article{rf11,
  title={Detection and classification of social media-based extremist affiliations using sentiment analysis techniques},
  author={Ahmad, Shakeel and Asghar, Muhammad Zubair and Alotaibi, Fahad M and Awan, Irfanullah},
  journal={Human-centric Computing and Information Sciences},
  volume={9},
  number={1},
  pages={1--23},
  year={2019},
  publisher={Springer}
}

@article{rf12,
title = {Research on air quality forecast based on web text sentiment analysis},
journal = {Ecological Informatics},
volume = {64},
pages = {101354},
year = {2021},
issn = {1574-9541},
doi = {https://doi.org/10.1016/j.ecoinf.2021.101354},
url = {https://www.sciencedirect.com/science/article/pii/S157495412100145X},
author = {Bingkun Wang and Ning Wang and Zhongsheng Chen},
keywords = {Air quality forecasting, Human emotions, Social media, Extended temporary memory, Sentiment analysis},
}

@article{rf13,
  title={Sentiment analysis for customer relationship management: An incremental learning approach},
  author={Capuano, Nicola and Greco, Luca and Ritrovato, Pierluigi and Vento, Mario},
  journal={Applied Intelligence},
  volume={51},
  number={6},
  pages={3339--3352},
  year={2021},
  publisher={Springer}
}

@article{rf14,
  title={Chatbot Interaction with Artificial Intelligence: human data augmentation with T5 and language transformer ensemble for text classification},
  author={Bird, Jordan J and Ek{\'a}rt, Anik{\'o} and Faria, Diego R},
  journal={Journal of Ambient Intelligence and Humanized Computing},
  pages={1--16},
  year={2021},
  publisher={Springer}
}

@article{rf15,
  title={Emotionally informed hate speech detection: a multi-target perspective},
  author={Chiril, Patricia and Pamungkas, Endang Wahyu and Benamara, Farah and Moriceau, V{\'e}ronique and Patti, Viviana},
  journal={Cognitive Computation},
  pages={1--31},
  year={2021},
  publisher={Springer}
}

@inproceedings{rf16,
  title={Identifying Political Sentiments on YouTube: A Systematic Comparison Regarding the Accuracy of Recurrent Neural Network and Machine Learning Models},
  author={R{\"o}chert, Daniel and Neubaum, German and Stieglitz, Stefan},
  booktitle={Multidisciplinary International Symposium on Disinformation in Open Online Media},
  pages={107--121},
  year={2020},
  organization={Springer}
}

}