@article{rf1,
  title={Empathy.},
  author={Elliott, Robert and Bohart, Arthur C and Watson, Jeanne C and Greenberg, Leslie S},
  journal={Psychotherapy},
  volume={48},
  pages={1-2},
  year={2011},
  publisher={Educational Publishing Foundation}
}

@article{rf2,
  title={The communication of emotions and the possibility of empathy in animals.},
  author={Preston, Stephanie D and de Waal, Frans},
  pages={2-3},
  year={2002},
  publisher={Oxford University Press}
}

@article{rf3,
  title={Sentiment analysis: A perspective on its past, present and future},
  author={Kumar, Akshi and Teeja, Mary Sebastian},
  journal={International Journal of Intelligent Systems and Applications},
  volume={4},
  number={10},
  pages={2-4},
  year={2012},
  publisher={Citeseer}
}